<?xml version="1.0" encoding="UTF-8"?><collection xmlns="http://www.loc.gov/MARC21/slim"><record><leader>00381nam--2200145-i-4500</leader><controlfield tag="001">000049980</controlfield><controlfield tag="002">20161230</controlfield><controlfield tag="005">20161230201047</controlfield><controlfield tag="008">060222s1000------------r-----000-0-eng-d</controlfield><datafield ind1=" " ind2=" " tag="080"><subfield code="a">65526</subfield></datafield><datafield ind1=" " ind2=" " tag="100"><subfield code="a">Atmetzhanov, A.A., Lukinyh, N.V</subfield></datafield><datafield ind1=" " ind2=" " tag="245"><subfield code="a">Indukcionnyi reduktosin</subfield></datafield><datafield ind1=" " ind2=" " tag="260"><subfield code="a">Moskva, Izd. Energiia, 1971, 79s</subfield></datafield><datafield ind1=" " ind2=" " tag="490"><subfield code="a">Biblioteka Poavtomatike Vypusk 423</subfield></datafield><datafield ind1=" " ind2=" " tag="852"><subfield code="a">34468</subfield></datafield></record></collection>